<record><leader>00000cas a2200000 a 4500</leader><controlfield tag="001">28835878</controlfield><controlfield tag="008">930916d19701972caucr ne      0    0eng c</controlfield><datafield ind1=" " ind2=" " tag="010"><subfield code="a">sn 93053406 </subfield></datafield><datafield ind1=" " ind2=" " tag="040"><subfield code="a">CNK</subfield><subfield code="b">eng</subfield><subfield code="c">CNK</subfield><subfield code="d">CNK</subfield><subfield code="d">OCLCQ</subfield><subfield code="d">OCLCF</subfield><subfield code="d">OCLCO</subfield></datafield><datafield ind1="1" ind2=" " tag="029"><subfield code="a">AU@</subfield><subfield code="b">000020107356</subfield></datafield><datafield ind1=" " ind2=" " tag="042"><subfield code="a">pcc</subfield></datafield><datafield ind1=" " ind2=" " tag="043"><subfield code="a">n-us-ca</subfield></datafield><datafield ind1="0" ind2=" " tag="130"><subfield code="a">Valley journal (Sunnyvale, Calif.)</subfield></datafield><datafield ind1="1" ind2="0" tag="245"><subfield code="a">Valley journal.</subfield></datafield><datafield ind1=" " ind2=" " tag="260"><subfield code="a">Sunnyvale, Calif. :</subfield><subfield code="b">Standard Media</subfield></datafield><datafield ind1=" " ind2=" " tag="300"><subfield code="a">v.</subfield></datafield><datafield ind1=" " ind2=" " tag="310"><subfield code="a">Semiweekly,</subfield><subfield code="b">May 5, 1971-Aug. 25, 1972</subfield></datafield><datafield ind1=" " ind2=" " tag="321"><subfield code="a">Triweekly,</subfield><subfield code="b">July 10-Aug. 12, 1970</subfield></datafield><datafield ind1=" " ind2=" " tag="321"><subfield code="a">Weekly,</subfield><subfield code="b">Aug. 19, 1970-Apr. 28, 1971</subfield></datafield><datafield ind1="0" ind2=" " tag="362"><subfield code="a">1st year, no. 1 (July 10, 1970)-Aug. 25, 1972.</subfield></datafield><datafield ind1=" " ind2=" " tag="515"><subfield code="a">Numbering dropped with issue for July 12, 1970.</subfield></datafield><datafield ind1=" " ind2=" " tag="530"><subfield code="a">Master negatives are available for duplication from:</subfield><subfield code="b">California Newspaper Microfilm Archive;</subfield><subfield code="c">positive copies may be purchased by the reel; for further information consult the CNMA at:</subfield><subfield code="u">http://cbsr.ucr.edu</subfield></datafield><datafield ind1=" " ind2="0" tag="651"><subfield code="a">Santa Clara County (Calif.)</subfield><subfield code="v">Newspapers.</subfield></datafield><datafield ind1=" " ind2="7" tag="655"><subfield code="a">Newspapers.</subfield><subfield code="2">fast</subfield><subfield code="0">(OCoLC)fst01423814</subfield></datafield><datafield ind1=" " ind2="7" tag="651"><subfield code="a">California</subfield><subfield code="z">Santa Clara County.</subfield><subfield code="2">fast</subfield><subfield code="0">(OCoLC)fst01206015</subfield></datafield><datafield ind1=" " ind2=" " tag="752"><subfield code="a">United States</subfield><subfield code="b">California</subfield><subfield code="c">Santa Clara</subfield><subfield code="d">Sunnyvale.</subfield></datafield><datafield ind1="0" ind2="0" tag="780"><subfield code="t">Sunnyvale standard register leader</subfield><subfield code="w">(DLC)sn 93053405</subfield></datafield><datafield ind1="0" ind2="5" tag="780"><subfield code="t">Santa Clara journal and Santa Clara news</subfield><subfield code="w">(DLC)sn 95062153</subfield></datafield><datafield ind1="0" ind2="6" tag="785"><subfield code="t">Sunnyvale valley journal</subfield><subfield code="w">(DLC)sn 79007016</subfield></datafield><datafield ind1="0" ind2="6" tag="785"><subfield code="t">Santa Clara Valley journal</subfield><subfield code="w">(DLC)sn 98061881</subfield></datafield></record>